@misc{wysocki_2017,
  author    = {Wysocki, Rafael J.},
  publisher = {The kernel development community},
  url       = {https://www.kernel.org/doc/html/v4.19/admin-guide/pm/cpufreq.html\#cpu-performance-scaling-in-linux},
  date      = {2017},
  title     = {{CPU Performance Scaling} -- {The Linux Kernel} documentation},
}
